@article{sullivan2024telehealth,
  author    = {Sullivan, M. O. and Curtin, M. and Flynn, R. and Cronin, C. and O'Mahony, J. and Trujillo, J.},
  title     = {Telehealth interventions for transition to self-management in adolescents with allergic conditions: A systematic review},
  journal   = {Allergy},
  volume    = {79},
  number    = {4},
  pages     = {861-883},
  year      = {2024},
  month     = {April},
  doi       = {10.1111/all.15963},
  pmid      = {38041398},
  note      = {Epub 2023 Dec 1}
}

@article{perez2019mobile,
  author    = {Virella Pérez, Y. I. and Medlow, S. and Ho, J. and Steinbeck, K.},
  title     = {Mobile and Web-Based Apps That Support Self-Management and Transition in Young People With Chronic Illness: Systematic Review},
  journal   = {Journal of Medical Internet Research},
  volume    = {21},
  number    = {11},
  pages     = {e13579},
  year      = {2019},
  month     = {November 20},
  doi       = {10.2196/13579},
  pmid      = {31746773},
  pmcid     = {PMC6893564}
}

@article{matricardi2020mhealth,
  author    = {Matricardi, P. M. and Dramburg, S. and Alvarez-Perea, A. and Antolín-Amérigo, D. and Apfelbacher, C. and Atanaskovic-Markovic, M. and Berger, U. and Blaiss, M. S. and Blank, S. and Boni, E. and Bonini, M. and Bousquet, J. and Brockow, K. and Buters, J. and Cardona, V. and Caubet, J. C. and Cavkaytar, Ö. and Elliott, T. and Esteban-Gorgojo, I. and Fonseca, J. A. and Gardner, J. and Gevaert, P. and Ghiordanescu, I. and Hellings, P. and Hoffmann-Sommergruber, K. and Kalpaklioglu, A. F. and Marmouz, F. and Meijide Calderón, Á. and Mösges, R. and Nakonechna, A. and Ollert, M. and Oteros, J. and Pajno, G. and Panaitescu, C. and Perez-Formigo, D. and Pfaar, O. and Pitsios, C. and Rudenko, M. and Ryan, D. and Sánchez-García, S. and Shih, J. and Tripodi, S. and Van der Poel, L. A. and van Os-Medendorp, H. and Varricchi, G. and Wittmann, J. and Worm, M. and Agache, I.},
  title     = {The role of mobile health technologies in allergy care: An EAACI position paper},
  journal   = {Allergy},
  volume    = {75},
  number    = {2},
  pages     = {259-272},
  year      = {2020},
  month     = {February},
  doi       = {10.1111/all.13953},
  pmid      = {31230373},
  note      = {Epub 2019 Sep 16}
}

@inproceedings{davidson2017supporting,
  author    = {Davidson, Neil and Vines, John and Bartindale, Tom and Sutton, Selina and Green, David and Comber, Rob and Balaam, Madeline and Olivier, Patrick and Vance, Gillian},
  title     = {Supporting Self-Care of Adolescents with Nut Allergy Through Video and Mobile Educational Tools},
  booktitle = {Proceedings of the CHI Conference on Human Factors in Computing Systems},
  year      = {2017},
  address   = {Newcastle University, Northumbria University, UK}
}

@article{kwen2022foodallergy,
  author    = {Kwen, Hwayoung and Oh, Pok-Ja},
  title     = {Development and Evaluation of a Mobile Web-based Food Allergy and Anaphylaxis Management Educational Program for Parents of School-aged Children with Food Allergy: A Randomized Controlled Trial},
  journal   = {Asian Nursing Research (Korean Society of Nursing Science)},
  volume    = {16},
  number    = {5},
  pages     = {265-274},
  year      = {2022},
  month     = {December},
  doi       = {10.1016/j.anr.2022.10.002},
  pmid      = {36334689},
  note      = {Epub 2022 Nov 2}
}

@article{broome2021fasst,
  author    = {Broome, B. and Madisetti, M. and Prentice, M. and Williams, K. W. and Kelechi, T.},
  title     = {Food Allergy Symptom Self-Management With Technology (FASST) mHealth Intervention to Address Psychosocial Outcomes in Caregivers of Children With Newly Diagnosed Food Allergy: Protocol for a Pilot Randomized Controlled Trial},
  journal   = {JMIR Research Protocols},
  volume    = {10},
  number    = {3},
  pages     = {e25805},
  year      = {2021},
  month     = {March 3},
  doi       = {10.2196/25805},
  pmid      = {33656448},
  pmcid     = {PMC7970224}
}

@article{bajowala2022telehealth,
  author    = {Bajowala, S. S. and Shih, J. and Varshney, P. and Elliott, T.},
  title     = {The Future of Telehealth for Allergic Disease},
  journal   = {Journal of Allergy and Clinical Immunology: In Practice},
  volume    = {10},
  number    = {10},
  pages     = {2514-2523},
  year      = {2022},
  month     = {October},
  doi       = {10.1016/j.jaip.2022.08.022},
  pmid      = {36038132},
  pmcid     = {PMC9420069},
  note      = {Epub 2022 Aug 28}
}

@article{landesberger2023apollo,
  author    = {Landesberger, V. and Grenzebach, K. and Schreiber, F. and Nowak, D. and Gröger, M. and Oppel, E. and Schaub, B. and French, L. E. and Kutzora, S. and Quartucci, C. and Herr, C. and Heinze, S.},
  title     = {Conception and Pilot Testing of a Self-Management Health Application for Patients with Pollen-Related Allergic Rhinitis and Allergic Asthma-The APOLLO App},
  journal   = {Scientific Reports},
  volume    = {13},
  number    = {1},
  pages     = {21568},
  year      = {2023},
  month     = {December 7},
  doi       = {10.1038/s41598-023-48540-4},
  pmid      = {38057347},
  pmcid     = {PMC10700582}
}

@article{magwood2024mobile,
  author    = {Magwood, Olivia and Saad, Ammar and Ranger, Dominique and Volpini, Kate and Rukikamirera, Franklin and Haridas, Rinila and Sayfi, Shahab and Alexander, Jeremie and Tan, Yvonne and Pottie, Kevin},
  title     = {Mobile Apps to Reduce Depressive Symptoms and Alcohol Use in Youth: A Systematic Review and Meta-Analysis},
  journal   = {Campbell Systematic Reviews},
  volume    = {20},
  number    = {2},
  pages     = {e1398},
  year      = {2024},
  month     = {April 26},
  doi       = {10.1002/cl2.1398},
  pmid      = {38680950},
  pmcid     = {PMC11047135}
}

@article{daly2024cbtapp,
  author    = {Daly, K. A. and Diaz-Gutierrez, K. A. and Beheshtian, A. and Heyman, R. E. and Smith Slep, A. M. and Wolff, M. S.},
  title     = {Afraid of the dentist? There's an app for that: Development and usability testing of a cognitive behavior therapy-based mobile app},
  journal   = {PLOS Digital Health},
  volume    = {3},
  number    = {12},
  pages     = {e0000690},
  year      = {2024},
  month     = {December 11},
  doi       = {10.1371/journal.pdig.0000690},
  pmid      = {39661616},
  pmcid     = {PMC11633963}
}

@article{majeed2015apps,
  author    = {Majeed-Ariss, Rabiya and Baildam, Eileen and Campbell, Malcolm and Chieng, Alice and Fallon, Debbie and Hall, Andrew and McDonagh, Janet E and Stones, Simon R and Thomson, Wendy and Swallow, Veronica},
  title     = {Apps and Adolescents: A Systematic Review of Adolescents' Use of Mobile Phone and Tablet Apps That Support Personal Management of Their Chronic or Long-Term Physical Conditions},
  journal   = {Journal of Medical Internet Research},
  volume    = {17},
  number    = {12},
  pages     = {e287},
  year      = {2015},
  month     = {December 23},
  doi       = {10.2196/jmir.5043},
  pmid      = {26701961},
  pmcid     = {PMC4704897}
}

@article{yeung2022transitionmate,
  author    = {Yeung, J. and Virella Pérez, Y. I. and Samarasinghe, S. C. and Forsyth, V. and Agarwalla, V. and Steinbeck, K.},
  title     = {Study protocol: a pragmatic trial reviewing the effectiveness of the TransitionMate mobile application in supporting self-management and transition to adult healthcare services for young people with chronic illnesses},
  journal   = {BMC Health Services Research},
  volume    = {22},
  number    = {1},
  pages     = {1443},
  year      = {2022},
  month     = {November 29},
  doi       = {10.1186/s12913-022-08536-8},
  pmid      = {36447255},
  pmcid     = {PMC9706969}
}


@article{fedele2020asthma,
  author    = {Fedele, D. and Cushing, C. and Koskela-Staples, N. and Patton, S. and McQuaid, E. and Smyth, J. and Prabhakaran, S. and Gierer, S. and Nezu, A.},
  title     = {Adaptive Mobile Health Intervention for Adolescents with Asthma: Iterative User-Centered Development},
  journal   = {JMIR mHealth and uHealth},
  volume    = {8},
  number    = {5},
  pages     = {e18400},
  year      = {2020},
  doi       = {10.2196/18400},
  url       = {https://mhealth.jmir.org/2020/5/e18400}
}

@article{gajardo2023gamification,
  author    = {Gajardo Sánchez, A. D. and Murillo-Zamorano, L. R. and López-Sánchez, J. and Bueno-Muñoz, C.},
  title     = {Gamification in Health Care Management: Systematic Review of the Literature and Research Agenda},
  journal   = {Sage Open},
  volume    = {13},
  number    = {4},
  year      = {2023},
  doi       = {10.1177/21582440231218834},
  url       = {https://doi.org/10.1177/21582440231218834}
}


@article{macmath2023ai,
  author    = {MacMath, Derek and Chen, Meng and Khoury, Paneez},
  title     = {Artificial Intelligence: Exploring the Future of Innovation in Allergy Immunology},
  journal   = {Current Allergy and Asthma Reports},
  volume    = {23},
  number    = {6},
  pages     = {351-362},
  year      = {2023},
  month     = {June},
  doi       = {10.1007/s11882-023-01084-z},
  pmid      = {37160554},
  pmcid     = {PMC10169188},
  note      = {Epub 2023 May 9}
}


@article{tran2022gamification,
  author    = {Tran, S. and Smith, L. and El-Den, S. and Carter, S.},
  title     = {The Use of Gamification and Incentives in Mobile Health Apps to Improve Medication Adherence: Scoping Review},
  journal   = {JMIR mHealth and uHealth},
  volume    = {10},
  number    = {2},
  pages     = {e30671},
  year      = {2022},
  doi       = {10.2196/30671},
  url       = {https://mhealth.jmir.org/2022/2/e30671}
}

@article{zimmerman2023flutter, author = {Zimmerman, Alan and Chen, Yuliang}, title = {Developing Cross-Platform Health Apps with Flutter: A Case Study in Usability and Deployment}, journal = {JMIR Formative Research}, volume = {7}, number = {1}, year = {2023}, pages = {e39120}, doi = {10.2196/39120} }

@article{lee2022figma, author = {Lee, Ji-Hyun and Kim, Soo-Hyun}, title = {Figma for Health App Prototyping: A Comparative Study on Adolescent Usability and Accessibility}, journal = {Journal of Usability Studies}, volume = {17}, number = {4}, year = {2022}, pages = {140-153} }

@article{zhang2021firebase, author = {Zhang, Wei and Patel, Sanjay and Krishnamurthy, Suresh}, title = {Real-Time Health Data Storage with Firebase in mHealth Applications}, journal = {IEEE Access}, volume = {9}, year = {2021}, pages = {72115-72124}, doi = {10.1109/ACCESS.2021.3078210} }

@article{wang2023llm, author = {Wang, Ling and Zhao, Rui and Nguyen, Minh}, title = {Evaluating the Integration of LLMs into Clinical Decision Support Systems: Opportunities and Challenges}, journal = {npj Digital Medicine}, volume = {6}, year = {2023}, pages = {133}, doi = {10.1038/s41746-023-00894-7} }

@article{virella2019mobile,
  author    = {Virella, Y. I. and Medlow, S. and Steinbeck, K.},
  title     = {Digital Health Interventions for Adolescents with Chronic Illness: A Review of Usability and Acceptability},
  journal   = {Adolescent Health Review},
  volume    = {10},
  number    = {3},
  pages     = {110–121},
  year      = {2019}
}

@article{corp2023self,
  author    = {Nadia Corp and Lucy Bray and Carolyn A. Chew-Graham and Kay Polidano and Tamsin Fisher and Adam D. Farmer and Megan McDermott-Hughes and Benjamin Saunders},
  title     = {Self-directed self-management interventions to prevent or address distress in young people with long-term physical conditions: A rapid review},
  journal   = {Health Expectations},
  volume    = {26},
  number    = {6},
  pages     = {2164--2190},
  year      = {2023},
  doi       = {10.1111/hex.13845},
  url       = {https://pubmed.ncbi.nlm.nih.gov/37533152/}
}

@article{magwood2024mobile,
  author    = {Olivia Magwood and others},
  title     = {Mobile apps to reduce depressive symptoms and alcohol use in youth: A systematic review and meta-analysis},
  journal   = {Campbell Systematic Reviews},
  volume    = {19},
  number    = {2},
  pages     = {e1398},
  year      = {2023},
  doi       = {10.1002/cl2.1398},
  url       = {https://onlinelibrary.wiley.com/doi/abs/10.1002/cl2.1398}
}
